% TODO(unredact)
@Manual{histogramtoolsredacted,
    title = {Redacted Package},
    author = {Redacted Author},
    year = {2013},
    note = {R package version Redacted},
    url = {https://redacted.com},
  }

@Manual{histogramtools,
    title = {HistogramTools: Utility Functions for R Histograms},
    author = {Murray Stokely},
    year = {2013},
    note = {R package version 0.3. \url{http://cran.r-project.org/web/packages/HistogramTools/}},
    url = {https://r-forge.r-project.org/projects/histogramtools/},
  }
@article{blocker2013potential,
  title={The potential and perils of preprocessing: Building new foundations},
  author={Blocker, Alexander W and Meng, Xiao-Li},
  journal={Bernoulli},
  volume={19},
  number={4},
  pages={1176--1211},
  year={2013},
  publisher={Bernoulli Society for Mathematical Statistics and Probability}
}
            
@article{Alvarez2001,
 author = {Alvarez, Guillermo A. and Borowsky, Elizabeth and Go, Susie and Romer, Theodore H. and Becker-Szendy, Ralph and Golding, Richard and Merchant, Arif and Spasojevic, Mirjana and Veitch, Alistair and Wilkes, John},
 title = {Minerva: An automated resource provisioning tool for large-scale storage systems},
 journal = {ACM Trans. Comput. Syst.},
 issue_date = {November 2001},
 volume = {19},
 number = {4},
 month = nov,
 year = {2001},
 issn = {0734-2071},
 pages = {483--518},
 numpages = {36},
 url = {http://doi.acm.org/10.1145/502912.502915},
 doi = {10.1145/502912.502915},
 acmid = {502915},
 publisher = {ACM},
 address = {New York, NY, USA},
 keywords = {Disk array, RAID, automatic design},
} 

@article{rubner2000earth,
  title={The earth mover's distance as a metric for image retrieval},
  author={Rubner, Yossi and Tomasi, Carlo and Guibas, Leonidas J},
  journal={International Journal of Computer Vision},
  volume={40},
  number={2},
  pages={99--121},
  year={2000},
  publisher={Kluwer Academic Publishers}
}
          
@book{Barth:2006:NSN:1199986,
author = {Barth, Wolfgang},
title = {Nagios: System and Network Monitoring},
year = {2006},
isbn = {1593270704},
publisher = {No Starch Press},
address = {San Francisco, CA, USA},
}

@misc{Zipkin,
  howpublished = "Available 20120720: \url{http://engineering.twitter.com/2012/06/distributed-systems-tracing-with-zipkin.html}"
}

@inproceedings{40378,
title = {Uncertainty in Aggregate Estimates from Sampled Distributed Traces},
author  = {Nate Coehlo and Arif Merchant and Murray Stokely},
 pubmonth = Oct,
 pubyear  = {2012},
booktitle = {Workshop on Managing Systems Automatically and Dynamically (MAD 2012)},
pubaddress = {Hollywood, CA},
publisher = {USENIX}
}


@inproceedings{Bertolino:2011:GGF:1978582.1978598,
 author = {Bertolino, Antonia and Calabr\`{o}, Antonello and Lonetti,
Francesca and Sabetta, Antonino},
 title = {GLIMPSE: a generic and flexible monitoring infrastructure},
 booktitle = {Proceedings of the 13th European Workshop on Dependable
Computing},
 series = {EWDC '11},
 year = {2011},
 isbn = {978-1-4503-0284-5},
 location = {Pisa, Italy},
 pages = {73--78},
 numpages = {6},
 url = {http://doi.acm.org/10.1145/1978582.1978598},
 doi = {10.1145/1978582.1978598},
 acmid = {1978598},
 publisher = {ACM},
 address = {New York, NY, USA},
 keywords = {complex-event processing, connect, model-driven
engineering, monitoring},
}

@Book{ rice06,
author = {John A. Rice},
title = {Mathematical Statistics and Data Analysis},
publisher = {Duxbury Press},
year = 2006,
}


@article{Dowdy1982,
 author = {Dowdy, Lawrence W. and Foster, Derrell V.},
 title = {Comparative Models of the File Assignment Problem},
 journal = {ACM Comput. Surv.},
 issue_date = {June 1982},
 volume = {14},
 number = {2},
 month = jun,
 year = {1982},
 issn = {0360-0300},
 pages = {287--313},
 numpages = {27},
 url = {http://doi.acm.org/10.1145/356876.356883},
 doi = {10.1145/356876.356883},
 acmid = {356883},
 publisher = {ACM},
 address = {New York, NY, USA},
} 
   

@article{Anderson2005,
 author = {Anderson, Eric and Spence, Susan and Swaminathan, Ram and Kallahalla, Mahesh and Wang, Qian},
 title = {Quickly finding near-optimal storage designs},
 journal = {ACM Trans. Comput. Syst.},
 issue_date = {November 2005},
 volume = {23},
 number = {4},
 month = nov,
 year = {2005},
 issn = {0734-2071},
 pages = {337--374},
 numpages = {38},
 url = {http://doi.acm.org/10.1145/1113574.1113575},
 doi = {10.1145/1113574.1113575},
 acmid = {1113575},
 publisher = {ACM},
 address = {New York, NY, USA},
}    

@techreport{36356,
title = {Dapper, a Large-Scale Distributed Systems Tracing Infrastructure},
author  = {Benjamin H. Sigelman and Luiz André Barroso and Mike Burrows and Pat Stephenson and Manoj Plakal and Donald Beaver and Saul Jaspan and Chandan Shanbhag},
year  = 2010,
URL = {http://research.google.com/archive/papers/dapper-2010-1.pdf},
institution = {Google, Inc.}
}
@inproceedings{Erlingsson:2011:FED:2043556.2043585,
 author = {Erlingsson, \'{U}lfar and Peinado, Marcus and Peter, Simon and Budiu, Mihai},
 title = {Fay: extensible distributed tracing from kernels to clusters},
 booktitle = {Proceedings of the Twenty-Third ACM Symposium on Operating Systems Principles},
 series = {SOSP '11},
 year = {2011},
 isbn = {978-1-4503-0977-6},
 location = {Cascais, Portugal},
 pages = {311--326},
 numpages = {16},
 url = {http://doi.acm.org/10.1145/2043556.2043585},
 doi = {10.1145/2043556.2043585},
 acmid = {2043585},
 publisher = {ACM},
 address = {New York, NY, USA},
} 
@inproceedings{945450,
 author = {Ghemawat, Sanjay and Gobioff, Howard and Leung, Shun-Tak},
 title = {The Google file system},
 booktitle = {Proceedings of the nineteenth ACM symposium on Operating systems principles},
 series = {SOSP '03},
 year = {2003},
 isbn = {1-58113-757-5},
 location = {Bolton Landing, NY, USA},
 pages = {29--43},
 numpages = {15},
 url = {http://doi.acm.org/10.1145/945445.945450},
 doi = {10.1145/945445.945450},
 acmid = {945450},
 publisher = {ACM},
 address = {New York, NY, USA},
 keywords = {clustered storage, data storage, fault tolerance, scalability},
}

@InProceedings{budiu-biglearn11,
   author =	{Mihai Budiu and others},
   title =	{Parallelizing the Training of the Kinect Body Parts Labeling Algorithm},
   booktitle =	{Big Learning: Algorithms, Systems and Tools for Learning at Scale},
   address =	{Sierra Nevada, Spain},
   month =	{December 16-17},
   year =	{2011},
   abstract =	{We present the parallelized implementation of decision forest training
                 as used in Kinect to train the body parts classification system. We
                 describe the practical details of dealing with large training sets and
                 deep trees, and describe how to parallelize over multiple dimensions of
                 the problem.},
   url =	{http://budiu.info/work/budiu-biglearn11.pdf},
   confweb =	{http://biglearn.org/}
}
@article{Vitter:1985:RSR:3147.3165,
 author = {Vitter, Jeffrey S.},
 title = {Random Sampling with a Reservoir},
 journal = {ACM Trans. Math. Softw.},
 issue_date = {March 1985},
 volume = {11},
 number = {1},
 month = mar,
 year = {1985},
 issn = {0098-3500},
 pages = {37--57},
 numpages = {21},
 url = {http://doi.acm.org/10.1145/3147.3165},
 doi = {10.1145/3147.3165},
 acmid = {3165},
 publisher = {ACM},
 address = {New York, NY, USA},
} 
@article{sagae1997bin,
  title={Bin interval method of locally adaptive nonparametric density
estimation},
  author={Sagae, Masahiko and Scott, DW},
  journal={Statistics technical report of RICE University},
  pages={1--21},
  year={1997}
}
@article{douceur1999large,
  title={A large-scale study of file-system contents},
  author={Douceur, John R and Bolosky, William J},
  journal={ACM SIGMETRICS Performance Evaluation Review},
  volume={27},
  number={1},
  pages={59--70},
  year={1999},
  publisher={ACM}
}
@book{scott2009multivariate,
  title={Multivariate density estimation: theory, practice, and visualization},
  author={Scott, David W},
  volume={383},
  year={2009},
  publisher={Wiley. com}
}

%  author={Chambers, John M and James, David A and Lambert, Diane and Wiel, Scott Vander},
@article{chambers2006monitoring,
  title={Monitoring networked applications with incremental quantile estimation},
  author={Chambers, John M and others},
  journal={Statistical Science},
  pages={463--475},
  year={2006},
  publisher={JSTOR}
}
@phdthesis{Poosala:1997:HET:269157,
 author = {Poosala, Viswanath},
 title = {Histogram-based Estimation Techniques in Database Systems},
 year = {1997},
 note = {UMI Order No. GAX97-16074},
 publisher = {University of Wisconsin at Madison},
 address = {Madison, WI, USA},
} 

%  booktitle={Proceedings of the 25th International Conference on VLDB},
@inproceedings{konig1999combining,
  title={Combining histograms and parametric curve fitting for feedback-driven query result-size estimation},
  author={K{\"o}nig, Arnd Christian and Weikum, Gerhard},
  booktitle={VLDB},
  pages={423--434},
  year={1999},
  organization={Morgan Kaufmann Publishers Inc.}
}
% Too long to list everyone.
%  author={Albrecht, Christoph and Merchant, Arif and Stokely, Murray and Waliji, Muhammad and Labelle, Fran{\c{c}}ois and Coehlo, Nate and Shi, Xudong and Schrock, C Eric},

@inproceedings{janus,
  title={Janus: optimal flash provisioning for cloud storage workloads},
  author={Albrecht, Christoph and others},
  booktitle={Proceedings of the USENIX ATC},
  pages={91--102},
  year={2013},
  organization={USENIX Association}
}
@article{tailscale,
 author = {Dean, Jeffrey and Barroso, Luiz Andr{\'e}},
 title = {The Tail at Scale},
 journal = {Communications of the ACM},
 issue_date = {February 2013},
 volume = {56},
 number = {2},
 month = feb,
 year = {2013},
 issn = {0001-0782},
 pages = {74--80},
 numpages = {7},
 url = {http://doi.acm.org/10.1145/2408776.2408794},
 doi = {10.1145/2408776.2408794},
 acmid = {2408794},
 publisher = {ACM},
 address = {New York, NY, USA},
} 
